<record><leader>00000cas a2200000 a 4500</leader><controlfield tag="001">40496800</controlfield><controlfield tag="008">981215d19611964cauwr ne      0    0eng c</controlfield><datafield ind1=" " ind2=" " tag="010"><subfield code="a">sn 98061949 </subfield></datafield><datafield ind1=" " ind2=" " tag="040"><subfield code="a">CNK</subfield><subfield code="b">eng</subfield><subfield code="c">CNK</subfield><subfield code="d">OCLCQ</subfield><subfield code="d">CNK</subfield><subfield code="d">OCLCQ</subfield><subfield code="d">OCLCF</subfield><subfield code="d">OCLCO</subfield></datafield><datafield ind1="1" ind2=" " tag="029"><subfield code="a">AU@</subfield><subfield code="b">000014355923</subfield></datafield><datafield ind1=" " ind2=" " tag="042"><subfield code="a">pcc</subfield></datafield><datafield ind1=" " ind2=" " tag="043"><subfield code="a">n-us-ca</subfield></datafield><datafield ind1="0" ind2="4" tag="245"><subfield code="a">The rustler and King City herald.</subfield></datafield><datafield ind1=" " ind2=" " tag="260"><subfield code="a">King City, Calif. :</subfield><subfield code="b">Mrs. F.G. Vivian, Harry F. Casey and Beatrice Casey</subfield></datafield><datafield ind1=" " ind2=" " tag="300"><subfield code="a">v.</subfield></datafield><datafield ind1=" " ind2=" " tag="310"><subfield code="a">Weekly</subfield></datafield><datafield ind1="0" ind2=" " tag="362"><subfield code="a">60th year, no. 38 (Feb. 2, 1961)-63rd year, no. 42 (Feb. 27, 1964).</subfield></datafield><datafield ind1=" " ind2=" " tag="530"><subfield code="a">Master negatives are available for duplication from:</subfield><subfield code="b">California Newspaper Microfilm Archive;</subfield><subfield code="c">positive copies may be purchased by the reel; for further information consult the CNMA at:</subfield><subfield code="u">http://cbsr.ucr.edu</subfield></datafield><datafield ind1=" " ind2="0" tag="651"><subfield code="a">King City (Calif.)</subfield><subfield code="v">Newspapers.</subfield></datafield><datafield ind1=" " ind2="7" tag="655"><subfield code="a">Newspapers.</subfield><subfield code="2">fast</subfield><subfield code="0">(OCoLC)fst01423814</subfield></datafield><datafield ind1=" " ind2="7" tag="651"><subfield code="a">California</subfield><subfield code="z">King City.</subfield><subfield code="2">fast</subfield><subfield code="0">(OCoLC)fst01223387</subfield></datafield><datafield ind1=" " ind2=" " tag="752"><subfield code="a">United States</subfield><subfield code="b">California</subfield><subfield code="c">Monterey</subfield><subfield code="d">King City.</subfield></datafield><datafield ind1="0" ind2=" " tag="770"><subfield code="t">Land and its people (King City, Calif.)</subfield><subfield code="w">(DLC)sn2010271068</subfield></datafield><datafield ind1="0" ind2="0" tag="780"><subfield code="t">Rustler-herald</subfield><subfield code="w">(DLC)sn 93052089</subfield></datafield><datafield ind1="0" ind2="0" tag="785"><subfield code="t">Rustler (King City, Calif. : 1964)</subfield><subfield code="w">(DLC)sn 95062705</subfield></datafield></record>